@InProceedings{Scheirer12,
author = {Walter Scheirer and Neeraj Kumar and Peter N. Belhumeur and Terrance E. Boult},
title = {Multi-Attribute Spaces: Calibration for Attribute Fusion and Similarity Search},
booktitle = cvpr,
year = {2012}
} 

@InProceedings{Arandjelovic12,
  author       = "Arandjelovi\'c, R. and Zisserman, A.",
  title        = "Three things everyone should know to improve object retrieval",
  booktitle    = pami,
  year         = "2012",
}
@Comment{"IEEE Conference on Computer Vision and Pattern Recognition"}

@Article{libsvm,
  author =   {Rong-En Fan and Kai-Wei Chang and Cho-Jui Hsieh and Xiang-Rui Wang and Chih-Jen Lin},
  title =    {{LIBLINEAR}: A Library for Large Linear Classification},
  journal =  jmlr,
  year =   {2008},
  volume =   {9},
  pages =  {1871--1874}
}
@inproceedings{Malisiewicz11,
  Author =   {Tomasz Malisiewicz and Abhinav Gupta and Alexei A. Efros},
  Booktitle =  iccv,
  Title =    {Ensemble of Exemplar-SVMs for Object Detection and Beyond},
  Year =     2011
}

@inproceedings{Chen11,
   author = "David Chen and Georges Baatz and K{\"o}ser and Sam Tsai and
             Ramakrishna Vedantham and Timo Pylvanainen and  Kimmo Roimela and
             Xin Chen and Jeff Bach and Marc Pollefeys and Bernd Girod and
             Radek Grzeszczuk",
   title = "City-Scale Landmark Identification on Mobile Devices",
   booktitle = cvpr,
   year = "2011"
}

@inproceedings{Snavely-CVPR-2008,
        AUTHOR = "Snavely, N. and Seitz, S.M. and Szeliski, R.S.",
        TITLE = "Skeletal graphs for efficient structure from motion",
        BOOKTITLE = cvpr,
        YEAR = "2008"
}

@inproceedings{Li-ECCV-2008,
        AUTHOR = "Li, X.W. and Wu, C.C. and Zach, C. and Lazebnik, S. and Frahm, J.M.",
        TITLE = "Modeling and Recognition of Landmark Image Collections Using Iconic Scene Graphs",
        BOOKTITLE = eccv,
        YEAR = "2008",
        PAGES = "I: 427-440"
}

@inproceedings{Martinec-CVPR-2007,
        AUTHOR = "Martinec, D. and Pajdla, T.",
        TITLE = "Robust Rotation and Translation Estimation in Multiview Reconstruction",
        BOOKTITLE = cvpr,
        YEAR = "2007"
}

@inproceedings{Schaffalitzky-ECCV-2002,
        AUTHOR = "Schaffalitzky, F. and Zisserman, A.",
        TITLE = "Multi-view Matching for Unordered Image Sets, or '{How Do I Organize My Holiday Snaps?}'",
        BOOKTITLE = eccv,
        YEAR = "2002",
        PAGES = "I: 414-431"
}

@inproceedings{Nister-CVPR-2006,
        AUTHOR = "Nister, D. and Stewenius, H.",
        TITLE = "Scalable Recognition with a Vocabulary Tree",
        BOOKTITLE = cvpr,
        YEAR = "2006",
        PAGES = "II: 2161-2168"
}

@inproceedings{Sivic-CLOR-2006,
        AUTHOR = "Sivic, J. and Zisserman, A.",
        TITLE = "Video {Google}: Efficient Visual Search of Videos",
        BOOKTITLE = "Toward Category-Level Object Recognition (CLOR)",
        YEAR = "2006",
        PAGES = "127-144"
}

@article{Oliva-IJCV-2001,
        AUTHOR = "Oliva, A. and Torralba, A.",
        TITLE = "Modeling the Shape of the Scene: A Holistic Representation of the Spatial Envelope",
        JOURNAL = ijcv,
        VOLUME = "42",
        YEAR = "2001",
        NUMBER = "3",
        MONTH = "May",
        PAGES = "145-175"
}

@techreport{Lourakis-TR-2004,
        AUTHOR = "Lourakis, M.I.A. and Argyros, A.A.",
        TITLE = "The Design and Implementation of a Generic Sparse Bundle Adjustment Software Package Based on the {Levenberg-Marquardt} Algorithm",
        INSTITUTION = "Institute of Computer Science -- FORTH",
        YEAR = "2004",
        MONTH = "August",
        TYPE = "Tech. Report",
        NUMBER = "340"
}

@article{Bay-CVIU-2008,
        AUTHOR = "Bay, H. and Ess, A. and Tuytelaars, T. and Van Gool, L.J.",
        TITLE = "Speeded-Up Robust Features ({SURF})",
        JOURNAL = "CVIU",
        VOLUME = "110",
        YEAR = "2008",
        NUMBER = "3",
        MONTH = "June",
        PAGES = "346-359"
}

@article{Umeyama-PAMI-1991,
        AUTHOR = "Umeyama, S.",
        TITLE = "Least-Squares Estimation of Transformation Parameters Between Two Point Patterns",
        JOURNAL = "PAMI",
        VOLUME = "13",
        YEAR = "1991",
        NUMBER = "4",
        MONTH = "April",
        PAGES = "376-380"
}

@inproceedings{Nister-CVPR-2004,
        AUTHOR = "Nister, D.",
        TITLE = "A Minimal Solution to the Generalized 3-Point Pose Problem",
        BOOKTITLE = cvpr,
        YEAR = "2004",
        PAGES = "I: 560-567"
}

@inproceedings{Schweighofer-BMVC-2008,
        AUTHOR = "Schweighofer, G. and Pinz, A.",
        TITLE = "Globally Optimal {O(n)} Solution to the {PnP} Problem for General Camera Models",
        BOOKTITLE = bmvc,
        YEAR = "2008",
}

@misc{SeDuMi-Sturm,
        AUTHOR = "Sturm, J.F.",
        TITLE = "{SeDuMi}: A software package to solve optimization problems - {\tt http://sedumi.ie.lehigh.edu}",
        YEAR = "2006"
}

@inproceedings{Brown-3DIM-2005,
        AUTHOR = "Brown, M. and Lowe, D.G.",
        TITLE = "Unsupervised {3D} object recognition and reconstruction in unordered datasets",
        BOOKTITLE = "3-D Digital Imaging and Modeling (3DIM)",
        YEAR = "2005",
        PAGES = "56-63"
}

@article{Vergauwen-MVA-2006,
        AUTHOR = "Vergauwen, M. and Van Gool, L.J.",
        TITLE = "Web-based {3D} Reconstruction Service",
        JOURNAL = "Machine Vision and Applications (MVA)",
        VOLUME = "17",
        YEAR = "2006",
        NUMBER = "6",
        MONTH = "December",
        PAGES = "411-426"
}

@article{Micusik-PAMI-2006,
        AUTHOR = "Mi{\v c}u{\v s}{\'\i}k, B. and Pajdla, T.",
        TITLE = "Structure from Motion with Wide Circular Field of View Cameras",
        YEAR = "2006",
        MONTH = "July",
        PAGES = "1135-1149",
        JOURNAL = pami,
        VOLUME = "28",
        NUMBER = "7"
}

@inproceedings{Matas-BMVC-2002,
        AUTHOR = "Matas, J. and Chum, O. and Urban, M. and Pajdla, T.",
        TITLE = "Robust Wide Baseline Stereo from Maximally Stable Extremal Regions",
        BOOKTITLE = bmvc,
        YEAR = "2002",
        PAGES = "384-393"
}

@article{Lowe-IJCV-2004,
        AUTHOR = "Lowe, D.G.",
        TITLE = "Distinctive Image Features from Scale-Invariant Keypoints",
        JOURNAL = ijcv,
        VOLUME = "60",
        YEAR = "2004",
        NUMBER = "2",
        MONTH = "November",
        PAGES = "91-110"
}

@inproceedings{Havlena-Torii-CVPR-2009,
        AUTHOR = "Havlena, M. and Torii, A. and Knopp, J. and Pajdla, T.",
        TITLE = "Randomized Structure from Motion Based on Atomic {3D} Models from Camera Triplets",
        BOOKTITLE = cvpr,
        YEAR = "2009",
        PAGES = "2874-2881"
}

@inproceedings{Agarwal-ICCV-2009,
        AUTHOR = "Agarwal, S. and Snavely, N. and Simon, I. and Seitz, S. and Szeliski, R.",
        TITLE = "Building {Rome} in a Day",
        BOOKTITLE = iccv,
        YEAR = "2009",
        PAGES = "72-79"
}

@article{Snavely-IJCV-2008,
        AUTHOR = "Snavely, N. and Seitz, S. and Szeliski, R.",
        TITLE = "Modeling the World from Internet Photo Collections",
        JOURNAL = ijcv,
        VOLUME = "80",
        NUMBER = "2",
        YEAR = "2008",
        PAGES = "189-210"
}

@article{Guha-Algorithmica-1998,
        AUTHOR = "Guha, S. and Khuller, S.",
        TITLE = "Approximation Algorithms for Connected Dominating Sets",
        JOURNAL = "Algorithmica",
        VOLUME = "20",
        NUMBER = "4",
        YEAR = "1998",
        PAGES = "374-387"
}

@book{Garey-TheoryOfNP-1979,
        AUTHOR = "Garey, M. and Johnson, D.",
        TITLE = "Computers and Intractability: A Guide to the Theory of NP-Completeness",
        PUBLISHER = "W. H. Freeman",
        YEAR = "1979"
}

@inproceedings{Irschara-VRML-2007,
        AUTHOR = "Irschara, A. and Zach, C. and Bischof, H.",
        TITLE = "Towards Wiki-based Dense City Modeling",
        BOOKTITLE = "Virtual Representations and Modeling of Large-scale environments (VRML)",
        YEAR = "2007",
}

@inproceedings{Chum-CIVR-2007,
        AUTHOR = "Chum, O. and Philbin, J. and Isard, M. and Zisserman, A.",
        TITLE = "Scalable Near Identical Image and Shot Detection",
        BOOKTITLE = civr,
        YEAR = "2007",
        PAGES = "549-556"
}

@inproceedings{Philbin-CVPR-2007,
        AUTHOR = "Philbin, J. and Chum, O. and Isard, M. and Sivic, J. and Zisserman, A.",
        TITLE = "Object retrieval with large vocabularies and fast spatial matching",
        BOOKTITLE = "CVPR'07",
        YEAR = "2007"
}

@misc{Flickr-Yahoo,
        AUTHOR = "Yahoo!",
        TITLE = "Flickr: Online photo management and photo sharing application - {\tt http://www.flickr.com}",
        YEAR = "2005"
}

@InProceedings{Knopp2010,
  author = "Knopp, J. and Sivic, J. and Pajdla, T.",
  title = "Avoidng confusing features in place recognition",
  booktitle = eccv,
  year = 2010}


Cus

@TechReport{Heller-TR-2010,
author =      {Heller, Jan and Havlena, Michal and Torii, Akihiko and
Pajdla, Tom{\'a}{\v s}},
title =       {{CMP} {SfM} Web Service v1.0},
institution = {Center for Machine Perception, K13133 FEE
              Czech Technical University},
address =     {Prague, Czech Republic},
year =        {2010},
month =       {January},
type =        {Research Report},
number =      {CTU--CMP--2010--01},
issn =        {1213-2365},
pages =       {16},
figures =     {2},
authorship =  {25-25-25-25},
psurl       = {<a
href="ftp://cmp.felk.cvut.cz/pub/cmp/articles/heller/Heller-TR-2010-01.pdf">[Heller-TR-2010-01.pdf]</a>},
project =     {FP7-SPA-218814},
annote =      {CMP SfM web service provides a remote access to the 3D
              reconstruction systems developed in Center for Machine
              Perception. },
keywords =    {structure  from motion, remove procedure call, web service},
}


@inproceedings{Muja-2009,
  author    = {Marius Muja and David G. Lowe},
  title     = {Fast Approximate Nearest Neighbors with Automatic Algorithm Configuration},
  booktitle = {International Conference on Computer Vision Theory and Application 
               VISSAPP'09)},
  publisher = {INSTICC Press},
  year      = {2009},
  pages     = {331-340}
}

@inproceedings{Leibe2011,
  author    = {Torsten Sattler and Bastian Leibe and Leif Kobbelt},
  title     = {Fast Image-Based Localization using Direct 2D-to-3D Matching},
  booktitle = eccv,
  publisher = {INSTICC Press},
  year      = {2011}
}

@article{gebel2007calibrating,
  title={Calibrating classifier scores into probabilities},
  author={Gebel, M. and Weihs, C.},
  journal={Advances in Data Analysis},
  pages={141--148},
  year={2007},
  publisher={Springer}
}


@InProceedings{Platt99,
    author = "Platt, J.",
    title = "Probabilistic Outputs for Support Vector Machines and Comparisons to Regularized Likelihood Methods",
    booktitle = "Advances in Large Margin Classifiers",
    year = "1999",
}

@inproceedings{zadrozny2002transforming,
  title={Transforming classifier scores into accurate multiclass probability estimates},
  author={Zadrozny, B. and Elkan, C.},
  booktitle={ACM SIGKDD},
  year={2002},
}

@article{casella2001statistical,
  title={Statistical inference},
  author={Casella, G. and Berger, R.L.},
  year={2001},
  publisher={Duxbury Press}
}

@Article{Jegou12,
    author = {J{\'e}gou, Herv{\'e} and Perronnin, Florent and Douze, Matthijs and S{\'a}nchez, Jorge and P{\'e}rez, Patrick and Schmid, Cordelia},
    title = {Aggregating Local Image Descriptors into Compact Codes},
    journal =pami,
    volume = {34},
    year = {2012},
    pages = {1704-1716},
}